<?xml version="1.0" encoding="UTF-8"?>
<?oxygen RNGSchema="http://socialarchive.iath.virginia.edu/shared/cpf.rng" type="xml"?>
<eac-cpf xmlns="urn:isbn:1-931666-33-4">
   <control>
      <recordId>CtY-BR-4304785.r13</recordId>
      <maintenanceStatus>new</maintenanceStatus>
      <maintenanceAgency>
         <agencyName>SNAC: Social Networks and Archival Context Project</agencyName>
      </maintenanceAgency>
      <languageDeclaration>
         <language languageCode="eng">English</language>
         <script scriptCode="Zyyy">Unknown</script>
      </languageDeclaration>
      <maintenanceHistory>
         <maintenanceEvent>
            <eventType>created</eventType>
            <eventDateTime standardDateTime="2015-01-21T12:17:54.635-05:00"/>
            <agentType>machine</agentType>
            <agent>XSLT oclc_marc2cpf.xsl Saxonica 2.0 http://www.saxonica.com/</agent>
            <eventDescription>Derived from MARC</eventDescription>
         </maintenanceEvent>
      </maintenanceHistory>
      <sources>
         <source xmlns:xlink="http://www.w3.org/1999/xlink"
                 xlink:href="http://www.worldcat.org/oclc/4304785"
                 xlink:type="simple">
            <objectXMLWrap>
               <marc:record xmlns:xsi="http://www.w3.org/2001/XMLSchema-instance"
                            xmlns:marc="http://www.loc.gov/MARC21/slim">
                  <marc:leader>04191cpcaa2200637 a 4500</marc:leader>
                  <marc:controlfield tag="001">4304785</marc:controlfield>
                  <marc:controlfield tag="005">20120907153925.0</marc:controlfield>
                  <marc:controlfield tag="006">t           000 0</marc:controlfield>
                  <marc:controlfield tag="008">980916i19121993ctu                 eng d</marc:controlfield>
                  <marc:datafield tag="035" ind1=" " ind2=" ">
                     <marc:subfield code="a">(OCoLC)ocn702235798</marc:subfield>
                  </marc:datafield>
                  <marc:datafield tag="035" ind1=" " ind2=" ">
                     <marc:subfield code="9">(YUL)ead.beinecke.eocoll</marc:subfield>
                  </marc:datafield>
                  <marc:datafield tag="035" ind1=" " ind2=" ">
                     <marc:subfield code="9">FLX9172YL</marc:subfield>
                  </marc:datafield>
                  <marc:datafield tag="035" ind1=" " ind2=" ">
                     <marc:subfield code="a">4304785</marc:subfield>
                  </marc:datafield>
                  <marc:datafield tag="040" ind1=" " ind2=" ">
                     <marc:subfield code="a">CtY-BR</marc:subfield>
                     <marc:subfield code="c">CtY-BR</marc:subfield>
                     <marc:subfield code="e">appm</marc:subfield>
                  </marc:datafield>
                  <marc:datafield tag="079" ind1=" " ind2=" ">
                     <marc:subfield code="a">ocn702159600</marc:subfield>
                  </marc:datafield>
                  <marc:datafield tag="100" ind1="1" ind2=" ">
                     <marc:subfield code="a">O'Neill, Eugene,</marc:subfield>
                     <marc:subfield code="d">1888-1953.</marc:subfield>
                  </marc:datafield>
                  <marc:datafield tag="245" ind1="1" ind2="0">
                     <marc:subfield code="a">Eugene O'Neill collection,</marc:subfield>
                     <marc:subfield code="f">1912-1993.</marc:subfield>
                  </marc:datafield>
                  <marc:datafield tag="300" ind1=" " ind2=" ">
                     <marc:subfield code="a">11.40</marc:subfield>
                     <marc:subfield code="f">linear feet. (27 boxes) + 4 broadside folders + 1 sculpture</marc:subfield>
                  </marc:datafield>
                  <marc:datafield tag="351" ind1=" " ind2=" ">
                     <marc:subfield code="a">Organized into four series: I. Correspondence, 1912-1953. II. Writings, 1913-1979. III. Photographs, 1926-1973. IV. Other Material, 1912-1993.</marc:subfield>
                  </marc:datafield>
                  <marc:datafield tag="506" ind1="1" ind2=" ">
                     <marc:subfield code="3">Boxes 24-26:</marc:subfield>
                     <marc:subfield code="a">Restricted fragile material.  Reference surrogates have been substituted in the main files.  For further information consult the appropriate curator.</marc:subfield>
                  </marc:datafield>
                  <marc:datafield tag="545" ind1=" " ind2=" ">
                     <marc:subfield code="a">Eugene O'Neill was an American dramatist, winner of four Pulitzer Prizes, and winner of the Nobel Prize for Literature in 1936. He was married three times, to Kathleen Pitt-Smith (with whom he had a son, Eugene O'Neill, Jr.), to Agnes Boulton (with whom he had a son, Shane Rudraighe O'Neill, and a daughter, Oona, who married Charlie Chaplin), and to Carlotta Monterey O'Neill.</marc:subfield>
                  </marc:datafield>
                  <marc:datafield tag="520" ind1=" " ind2=" ">
                     <marc:subfield code="a">The Eugene O'Neill Collection consists of material by or pertaining to O'Neill, including correspondence, writings of O'Neill, writings of others, photographs, legal documents, clippings, and programs. Correspondents include O'Neill's lawyers, Harry Weinberger and Winfield E. Aronberg; a collector of his works, Keith H. Baker; his agent, Kenneth Macgowan; his and Carlotta's friends Dale Edward Fern, Armina Marshall, Dudley Nichols, Robert Sisk, Fania Marinoff Van Vechten, and Marion Welch; and Carlotta's daughter, Cynthia Chapman Stram, and her grandson, Gerald Eugene Stram. There are letters between O'Neill's biographers and others to Gaylord Farm Sanatorium regarding his stay there, and between biographer Louis Sheaffer and Hazel A. Johnson. There is also correspondence between Harry Weinberger and Agnes Boulton regarding her divorce settlement with O'Neill.</marc:subfield>
                  </marc:datafield>
                  <marc:datafield tag="520" ind1=" " ind2=" ">
                     <marc:subfield code="a">Writings include drafts, proofs, programs, and clippings for some of O'Neill's plays, as well as works by others about O'Neill's life and writings. The photographs include prints of O'Neill and his family, among other subjects. There are also legal documents regarding his plays, and versions of Carlotta's wills.</marc:subfield>
                  </marc:datafield>
                  <marc:datafield tag="555" ind1=" " ind2=" ">
                     <marc:subfield code="a">Finding aid available.</marc:subfield>
                  </marc:datafield>
                  <marc:datafield tag="561" ind1=" " ind2=" ">
                     <marc:subfield code="a">Acquired by gift and purchase from various sources.</marc:subfield>
                  </marc:datafield>
                  <marc:datafield tag="524" ind1=" " ind2=" ">
                     <marc:subfield code="a">Eugene O'Neill Collection. Yale Collection of American Literature, Beinecke Rare Book and Manuscript Library.</marc:subfield>
                  </marc:datafield>
                  <marc:datafield tag="588" ind1=" " ind2=" ">
                     <marc:subfield code="a">Copyright 2013 Yale University Library. Licensed under the Educational Community License, Version 2.0 (the "License"); you may not use this file except in compliance with the License. You may obtain a copy of the License at http://www.osedu.org/licenses/ECL-2.0</marc:subfield>
                  </marc:datafield>
                  <marc:datafield tag="600" ind1="1" ind2="0">
                     <marc:subfield code="a">Aronberg, Winfield E.</marc:subfield>
                  </marc:datafield>
                  <marc:datafield tag="600" ind1="1" ind2="0">
                     <marc:subfield code="a">Baker, Keith H.</marc:subfield>
                  </marc:datafield>
                  <marc:datafield tag="600" ind1="1" ind2="0">
                     <marc:subfield code="a">Boulton, Agnes,</marc:subfield>
                     <marc:subfield code="d">1893-1968.</marc:subfield>
                  </marc:datafield>
                  <marc:datafield tag="600" ind1="1" ind2="0">
                     <marc:subfield code="a">Fern, Dale Edward.</marc:subfield>
                  </marc:datafield>
                  <marc:datafield tag="600" ind1="1" ind2="0">
                     <marc:subfield code="a">Johnson, Hazel A.</marc:subfield>
                  </marc:datafield>
                  <marc:datafield tag="600" ind1="1" ind2="0">
                     <marc:subfield code="a">Macgowan, Kenneth,</marc:subfield>
                     <marc:subfield code="d">1888-1963.</marc:subfield>
                  </marc:datafield>
                  <marc:datafield tag="600" ind1="1" ind2="0">
                     <marc:subfield code="a">Marshall, Armina.</marc:subfield>
                  </marc:datafield>
                  <marc:datafield tag="600" ind1="1" ind2="0">
                     <marc:subfield code="a">Nichols, Dudley,</marc:subfield>
                     <marc:subfield code="d">1895-1960.</marc:subfield>
                  </marc:datafield>
                  <marc:datafield tag="600" ind1="1" ind2="0">
                     <marc:subfield code="a">O'Neill, Carlotta.</marc:subfield>
                  </marc:datafield>
                  <marc:datafield tag="600" ind1="1" ind2="0">
                     <marc:subfield code="a">O'Neill, Eugene,</marc:subfield>
                     <marc:subfield code="d">1888-1953.</marc:subfield>
                  </marc:datafield>
                  <marc:datafield tag="600" ind1="1" ind2="0">
                     <marc:subfield code="a">Sheaffer, Louis.</marc:subfield>
                  </marc:datafield>
                  <marc:datafield tag="600" ind1="1" ind2="0">
                     <marc:subfield code="a">Sisk, Robert,</marc:subfield>
                     <marc:subfield code="d">1903-</marc:subfield>
                  </marc:datafield>
                  <marc:datafield tag="600" ind1="1" ind2="0">
                     <marc:subfield code="a">Stram, Cynthia Chapman.</marc:subfield>
                  </marc:datafield>
                  <marc:datafield tag="600" ind1="1" ind2="0">
                     <marc:subfield code="a">Stram, Gerald Eugene.</marc:subfield>
                  </marc:datafield>
                  <marc:datafield tag="600" ind1="1" ind2="0">
                     <marc:subfield code="a">Van Vechten, Fania Marinoff.</marc:subfield>
                  </marc:datafield>
                  <marc:datafield tag="600" ind1="1" ind2="0">
                     <marc:subfield code="a">Weinberger, Harry,</marc:subfield>
                     <marc:subfield code="d">1888-</marc:subfield>
                  </marc:datafield>
                  <marc:datafield tag="600" ind1="1" ind2="0">
                     <marc:subfield code="a">Welch, Marion.</marc:subfield>
                  </marc:datafield>
                  <marc:datafield tag="610" ind1="2" ind2="0">
                     <marc:subfield code="a">Gaylord Farm Sanatorium.</marc:subfield>
                  </marc:datafield>
                  <marc:datafield tag="650" ind1=" " ind2="0">
                     <marc:subfield code="a">American literature</marc:subfield>
                     <marc:subfield code="y">20th century.</marc:subfield>
                  </marc:datafield>
                  <marc:datafield tag="650" ind1=" " ind2="0">
                     <marc:subfield code="a">Authors, American</marc:subfield>
                     <marc:subfield code="y">20th century.</marc:subfield>
                  </marc:datafield>
                  <marc:datafield tag="650" ind1=" " ind2="0">
                     <marc:subfield code="a">Dramatists, American</marc:subfield>
                     <marc:subfield code="y">20th century.</marc:subfield>
                  </marc:datafield>
                  <marc:datafield tag="650" ind1=" " ind2="0">
                     <marc:subfield code="a">Playwriting.</marc:subfield>
                  </marc:datafield>
                  <marc:datafield tag="650" ind1=" " ind2="0">
                     <marc:subfield code="a">Theater</marc:subfield>
                     <marc:subfield code="z">United States.</marc:subfield>
                  </marc:datafield>
                  <marc:datafield tag="655" ind1=" " ind2="7">
                     <marc:subfield code="a">Theater programs.</marc:subfield>
                     <marc:subfield code="2">aat</marc:subfield>
                  </marc:datafield>
                  <marc:datafield tag="852" ind1=" " ind2=" ">
                     <marc:subfield code="a">Beinecke Rare Book and Manuscript Library, Yale University, New Haven, CT</marc:subfield>
                  </marc:datafield>
                  <marc:datafield tag="856" ind1="4" ind2="2">
                     <marc:subfield code="3">View a description and list of collection contents in the Yale Finding Aid Database.</marc:subfield>
                     <marc:subfield code="u">http://hdl.handle.net/10079/fa/beinecke.eocoll</marc:subfield>
                  </marc:datafield>
                  <marc:datafield tag="856" ind1="4" ind2="1">
                     <marc:subfield code="3">View a selection of digital images in the Beinecke Library's Digital Images Online database</marc:subfield>
                     <marc:subfield code="u">http://beinecke.library.yale.edu/dl_crosscollex/callnumSRCHXC.asp?WC=N&amp;SS=N&amp;CN=YCAL_MSS_124</marc:subfield>
                  </marc:datafield>
                  <marc:datafield tag="927" ind1=" " ind2=" ">
                     <marc:subfield code="a">20000530RO</marc:subfield>
                  </marc:datafield>
                  <marc:datafield tag="928" ind1=" " ind2=" ">
                     <marc:subfield code="a">AC06212000</marc:subfield>
                  </marc:datafield>
                  <marc:datafield tag="948" ind1=" " ind2=" ">
                     <marc:subfield code="a">mbs</marc:subfield>
                  </marc:datafield>
               </marc:record>
            </objectXMLWrap>
         </source>
      </sources>
   </control>
   <cpfDescription>
      <identity>
         <entityType>person</entityType>
         <nameEntry xml:lang="en-Latn">
            <part>Stram, Gerald Eugene.</part>
            <authorizedForm>WorldCat</authorizedForm>
         </nameEntry>
      </identity>
      <relations>
         <cpfRelation xmlns:xlink="http://www.w3.org/1999/xlink"
                      xlink:type="simple"
                      xlink:role="http://socialarchive.iath.virginia.edu/control/term#Person"
                      xlink:arcrole="http://socialarchive.iath.virginia.edu/control/term#associatedWith">
            <relationEntry>O'Neill, Eugene, 1888-1953.</relationEntry>
            <descriptiveNote>
               <p>
                  <span localType="http://socialarchive.iath.virginia.edu/control/term#ExtractedRecordId">CtY-BR-4304785.c</span>
               </p>
            </descriptiveNote>
         </cpfRelation>
         <resourceRelation xmlns:xlink="http://www.w3.org/1999/xlink"
                           xlink:arcrole="http://socialarchive.iath.virginia.edu/control/term#referencedIn"
                           xlink:role="http://socialarchive.iath.virginia.edu/control/term#ArchivalResource"
                           xlink:type="simple"
                           xlink:href="http://www.worldcat.org/oclc/4304785">
            <relationEntry>O'Neill, Eugene, 1888-1953. Eugene O'Neill collection, 1912-1993.</relationEntry>
            <objectXMLWrap>
               <mods xmlns="http://www.loc.gov/mods/v3">
                  <recordInfo>
                     <recordOrigin>WorldCat:4304785</recordOrigin>
                     <recordContentSource>ISIL:CtY-BR</recordContentSource>
                  </recordInfo>
                  <name>
                     <namePart>O'Neill, Eugene, 1888-1953.</namePart>
                     <role>
                        <roleTerm valueURI="http://id.loc.gov/vocabulary/relators/cre">Creator</roleTerm>
                     </role>
                  </name>
                  <titleInfo>
                     <title>Eugene O'Neill collection, 1912-1993.</title>
                  </titleInfo>
                  <abstract>The Eugene O'Neill Collection consists of material by or pertaining to O'Neill, including correspondence, writings of O'Neill, writings of others, photographs, legal documents, clippings, and programs. Correspondents include O'Neill's lawyers, Harry Weinberger and Winfield E. Aronberg; a collector of his works, Keith H. Baker; his agent, Kenneth Macgowan; his and Carlotta's friends Dale Edward Fern, Armina Marshall, Dudley Nichols, Robert Sisk, Fania Marinoff Van Vechten, and Marion Welch; and Carlotta's daughter, Cynthia Chapman Stram, and her grandson, Gerald Eugene Stram. There are letters between O'Neill's biographers and others to Gaylord Farm Sanatorium regarding his stay there, and between biographer Louis Sheaffer and Hazel A. Johnson. There is also correspondence between Harry Weinberger and Agnes Boulton regarding her divorce settlement with O'Neill. Writings include drafts, proofs, programs, and clippings for some of O'Neill's plays, as well as works by others about O'Neill's life and writings. The photographs include prints of O'Neill and his family, among other subjects. There are also legal documents regarding his plays, and versions of Carlotta's wills. </abstract>
                  <name>
                     <namePart>Yale University, Beinecke Rare Book and Manuscript Library</namePart>
                     <role>
                        <roleTerm valueURI="http://id.loc.gov/vocabulary/relators/rps">Repository</roleTerm>
                     </role>
                  </name>
               </mods>
            </objectXMLWrap>
            <descriptiveNote>
               <p>
                  <span localType="http://socialarchive.iath.virginia.edu/control/term#Leader06">p</span>
                  <span localType="http://socialarchive.iath.virginia.edu/control/term#Leader07">c</span>
                  <span localType="http://socialarchive.iath.virginia.edu/control/term#Leader08">a</span>
               </p>
            </descriptiveNote>
         </resourceRelation>
      </relations>
   </cpfDescription>
</eac-cpf>
